<?xml version="1.0" encoding="UTF-8"?><record xmlns="http://www.loc.gov/MARC21/slim" xmlns:cinclude="http://apache.org/cocoon/include/1.0" xmlns:zs="http://www.loc.gov/zing/srw/">
  <leader>00499cz  a2200145n  4500</leader>
  <controlfield tag="001">n  85330990 </controlfield>
  <controlfield tag="003">DLC</controlfield>
  <controlfield tag="005">20080613075357.0</controlfield>
  <controlfield tag="008">860318n| acannaabn          |a ana      </controlfield>
  <datafield tag="010" ind1=" " ind2=" ">
    <subfield code="a">n  85330990 </subfield>
  </datafield>
  <datafield tag="035" ind1=" " ind2=" ">
    <subfield code="a">(OCoLC)oca01549868</subfield>
  </datafield>
  <datafield tag="040" ind1=" " ind2=" ">
    <subfield code="a">DLC</subfield>
    <subfield code="b">eng</subfield>
    <subfield code="c">DLC</subfield>
    <subfield code="d">DLC</subfield>
    <subfield code="d">OCoLC</subfield>
  </datafield>
  <datafield tag="110" ind1="2" ind2=" ">
    <subfield code="a">Obshtinski komitet na BKP--Elkhovo</subfield>
  </datafield>
  <datafield tag="410" ind1="2" ind2=" ">
    <subfield code="a">Bŭlgarska komunisticheska partii︠a︡.</subfield>
    <subfield code="b">Obshtinski komitet--Elkhovo</subfield>
  </datafield>
  <datafield tag="670" ind1=" " ind2=" ">
    <subfield code="a">Devetdeset god. Elkhovska part. organ., 1984:</subfield>
    <subfield code="b">t.p. (Obshtinski komitet na BKP--Elkhovo)</subfield>
  </datafield>
</record>